@article{drosophilia,
 ISSN = {03063127},
 URL = {http://www.jstor.org/stable/23210226},
 author = {Nathan Ensmenger},
 journal = {Social Studies of Science},
 number = {1},
 pages = {5--30},
 publisher = {Sage Publications, Ltd.},
 title = {Is chess the drosophila of artificial intelligence? A social history of an algorithm},
 volume = {42},
 year = {2012}
}

@inproceedings{glicko2,
  title={The Glicko system},
  author={Mark E. Glickman},
  year={2011}
}

@paper{icr,
	author = {Kenneth Regan and Guy Haworth},
	title = {Intrinsic Chess Ratings},
	conference = {AAAI Conference on Artificial Intelligence},
	year = {2011},
	keywords = {},
	url = {https://www.aaai.org/ocs/index.php/AAAI/AAAI11/paper/view/3779/3962}
}

@Article{Alliot,
	author = 	 {Jean-Marc Alliot},
	title = 	 {Who is the master?},
	journal = 	 {ICGA Journal},
	year = 	 {2017},
	volume =	 {39},
	number =	 {1},
	note = 	 {DOI 10.3233/ICG-160012}
}

@article{Guid,
  title={Using Heuristic-Search Based Engines for Estimating Human Skill at Chess},
  author={Matej Guid and Ivan Bratko},
  journal={J. Int. Comput. Games Assoc.},
  year={2011},
  volume={34},
  pages={71-81}
}
